%
% MTL - Articles of reference
%
@article{caruana1997multitask,
  author    = {Rich Caruana},
  title     = {Multitask Learning},
  journal   = {Machine Learning},
  volume    = {28},
  number    = {1},
  pages     = {41--75},
  year      = {1997},
  doi       = {10.1023/A:1007379606734}
}

@article{yu2024survey,
  author    = {Jun Yu and Yutong Dai and Xiaokang Liu and Jin Huang and Yishan Shen and Ke Zhang and Rong Zhou and Eashan Adhikarla and Wenxuan Ye and Yixin Liu and Zhaoming Kong and Kai Zhang and Yilong Yin and Vinod Namboodiri and Brian D. Davison and Jason H. Moore and Yong Chen},
  title     = {Unleashing the Power of Multi-Task Learning: A Comprehensive Survey Spanning Traditional, Deep, and Pretrained Foundation Model Eras},
  journal   = {arXiv preprint arXiv:2404.18961},
  year      = {2024},
  url       = {https://arxiv.org/abs/2404.18961}
}

@article{zhang2021survey,
author    = {Yu Zhang and Qiang Yang},
title     = {A Survey on Multi-Task Learning},
journal   = {IEEE Transactions on Knowledge and Data Engineering},
volume    = {34},
number    = {12},
pages     = {5586--5609},
year      = {2022},
doi       = {10.1109/TKDE.2021.3072953}
}

@inproceedings{misra2016cross,
author    = {Ishan Misra and Abhinav Shrivastava and Abhinav Gupta and Martial H{'e}bert},
title     = {Cross-Stitch Networks for Multi-Task Learning},
booktitle = {Proceedings of the IEEE Conference on Computer Vision and Pattern Recognition (CVPR)},
pages     = {3994--4003},
year      = {2016},
doi       = {10.1109/CVPR.2016.434}
}

@inproceedings{standley2020tasks,
author    = {Trevor Standley and Amir~R. Zamir and Dawn Chen and Leonidas Guibas and Jitendra Malik and Silvio Savarese},
title     = {Which Tasks Should Be Learned Together in Multi-Task Learning?},
booktitle = {Proceedings of the IEEE/CVF Conference on Computer Vision and Pattern Recognition (CVPR)},
pages     = {3713--3724},
year      = {2020}
}

@article{nash,
  title={Multi-task learning as a bargaining game},
  author={Navon, Aviv and Shamsian, Aviv and Achituve, Idan and Maron, Haggai and Kawaguchi, Kenji and Chechik, Gal and Fetaya, Ethan},
  journal={arXiv preprint arXiv:2202.01017},
  year={2022}
}

@article{thung2018brief,
  title={A brief review on multi-task learning},
  author={Thung, Kim-Han and Wee, Chong-Yaw},
  journal={Multimedia Tools and Applications},
  volume={77},
  number={22},
  pages={29705--29725},
  year={2018},
  publisher={Springer}
}

%
% MTL - Extras
%

@article{ruder2017sluice,
author    = {Sebastian Ruder and Joachim Bingel and Isabelle Augenstein and Anders S{\o}gaard},
title     = {Sluice Networks: Learning What to Share Between Loosely Related Tasks},
journal   = {arXiv preprint arXiv:1705.08142},
year      = {2017}
}

@inproceedings{ma2018mmoe,
author    = {Jiaqi Ma and Zhe Zhao and Xinyang Yi and Jilin Chen and Lichan Hong and Ed~H. Chi},
title     = {Modeling Task Relationships in Multi-task Learning with Multi-gate Mixture-of-Experts},
booktitle = {Proceedings of the 24th ACM SIGKDD International Conference on Knowledge Discovery \& Data Mining},
pages     = {1930--1939},
year      = {2018},
doi       = {10.1145/3219819.3220007}
}

@misc{yu2019mmoe,
author    = {Zhenyu Yu and Yifan Zhang and Wenhao Yu},
title     = {Multi-Gate Mixture-of-Experts for Multi-Task Learning in Recommendations},
howpublished = {arXiv preprint arXiv:1904.01038},
year      = {2019}
}

@inproceedings{chen2018gradnorm,
author    = {Zhao Chen and Vijay Badrinarayanan and Chen{-}Yu Lee and Andrew Rabinovich},
title     = {GradNorm: Gradient Normalization for Adaptive Loss Balancing in Deep Multitask Networks},
booktitle = {Proceedings of the 35th International Conference on Machine Learning (ICML)},
pages     = {794--803},
year      = {2018}
}

@inproceedings{sener2018mgda,
author    = {Ozan Sener and Vladlen Koltun},
title     = {Multi-Task Learning as Multi-Objective Optimization},
booktitle = {Advances in Neural Information Processing Systems (NeurIPS)},
volume    = {31},
pages     = {527--538},
year      = {2018}
}

@inproceedings{yu2020pcgrad,
author    = {Tianhe Yu and Saurabh Kumar and Abhishek Gupta and Sergey Levine and Karol Hausman and Chelsea Finn},
title     = {Gradient Surgery for Multi-Task Learning},
booktitle = {Advances in Neural Information Processing Systems (NeurIPS)},
volume    = {33},
pages     = {6836--6848},
year      = {2020}
}

@inproceedings{liu2019dwa,
author    = {Shikun Liu and Edward Johns and Andrew~J. Davison},
title     = {End-to-End Multi-Task Learning with Attention},
booktitle = {Proceedings of the IEEE/CVF Conference on Computer Vision and Pattern Recognition (CVPR)},
year      = {2019},
note      = {Introduces Dynamic Weight Averaging (DWA)}
}

@article{baxter2000model,
  author  = {Baxter, Jonathan},
  title   = {A Model of Inductive Bias Learning},
  journal = {Journal of Artificial Intelligence Research},
  volume  = {12},
  pages   = {149--198},
  year    = {2000}
}


%
% MTL + POI - Newer in the literature
%
@article{he2024imnext,
  title     = {ImNext: Irregular Interval Attention and Multi-Task Learning for Next POI Recommendation},
  author    = {Xi He and Weikang He and Yilin Liu and Xingyu Lu and Yunpeng Xiao and Yanbing Liu},
  journal   = {Knowledge-Based Systems},
  pages     = {111674},
  year      = {2024},
  publisher = {Elsevier}
}
@article{wu2024mrp-llm,
  title     = {MRP-LLM: Multitask Reflective Large Language Models for Privacy-Preserving Next POI Recommendation},
  author    = {Ziqing Wu and Zhu Sun and Dongxia Wang and Lu Zhang and Jie Zhang and Yew Soon Ong},
  journal   = {arXiv preprint arXiv:2412.07796},
  year      = {2024},
  url       = {https://arxiv.org/abs/2412.07796}
}
@article{huang2024mt-net,
  title     = {Learning Time Slot Preferences via Mobility Tree for Next POI Recommendation},
  author    = {Tianhao Huang and Xuan Pan and Xiangrui Cai and Ying Zhang and Xiaojie Yuan},
  journal   = {arXiv preprint arXiv:2403.12100},
  year      = {2024},
  url       = {https://arxiv.org/abs/2403.12100}
}

%
% MTL + POI - Many citations
%
@inproceedings{zhang2020interactive,
  author    = {Lu Zhang and Zhu Sun and Jie Zhang and Yu Lei and Chen Li and Ziqing Wu and Horst Kloeden and Felix Klanner},
  title     = {An Interactive Multi-Task Learning Framework for Next POI Recommendation with Uncertain Check-Ins},
  booktitle = {Proceedings of the Twenty-Ninth International Joint Conference on Artificial Intelligence (IJCAI)},
  pages     = {3551--3557},
  year      = {2020},
  doi       = {10.24963/ijcai.2020/491}
}

@inproceedings{lim2022hierarchical,
  author    = {Nicholas Lim and Bryan Hooi and See-Kiong Ng and Yong Liang Goh and Renrong Weng and Rui Tan},
  title     = {Hierarchical Multi-Task Graph Recurrent Network for Next POI Recommendation},
  booktitle = {Proceedings of the 45th International ACM SIGIR Conference on Research and Development in Information Retrieval},
  pages     = {1133--1143},
  year      = {2022}
}

@article{xia2020mtpr,
  author    = {Bin Xia and Yuxuan Bai and Junjie Yin and Qi Li and Lijie Xu},
  title     = {MTPR: A Multi-Task Learning Based POI Recommendation Considering Temporal Check-Ins and Geographical Locations},
  journal   = {Applied Sciences},
  volume    = {10},
  number    = {19},
  pages     = {6664},
  year      = {2020},
  doi       = {10.3390/app10196664}
}


%
% POI Survey
%
@article{islam2022survey,
  author    = {Md Ashraful Islam and Mir Mahathir Mohammad and Sarkar Snigdha Sarathi Das and Mohammed Eunus Ali},
  title     = {A Survey on Deep Learning Based Point-of-Interest (POI) Recommendations},
  journal   = {Neurocomputing},
  volume    = {472},
  pages     = {306--325},
  year      = {2022},
  doi       = {10.1016/j.neucom.2021.05.114}
}

%
% POI Related
%

@inproceedings{chen2020modeling,
  author    = {Chen, Min and Zhao, Yanmin and Liu, Yanchi and Yu, Xun and Zheng, Kai},
  title     = {Modeling Spatial Trajectories with Attribute Representation Learning},
  booktitle = {IEEE Transactions on Knowledge and Data Engineering},
  volume    = {34},
  number    = {10},
  pages     = {4829--4841},
  year      = {2020},
  publisher = {IEEE}
}

@inproceedings{zeng2019next,
  author    = {Zeng, Jun and He, Xin and Tang, Haoran and Wen, Junhao},
  title     = {A Next Location Predicting Approach Based on a Recurrent Neural Network and Self-Attention},
  booktitle = {International Conference on Collaborative Computing: Networking, Applications and Worksharing},
  pages     = {309--322},
  year      = {2019},
  organization = {Springer}
}


%
% Miscellaneous
%

@inproceedings{wei2022finetuned,
  author    = {Jason Wei and Maarten Bosma and Vincent Y. Zhao and Kelvin Guu and Adams Wei Yu and Brian Lester and Nan Du and Andrew M. Dai and Quoc V. Le},
  title     = {Finetuned Language Models are Zero-Shot Learners},
  booktitle = {Proceedings of the 10th International Conference on Learning Representations (ICLR)},
  year      = {2022},
  url       = {https://openreview.net/forum?id=gEZrGCozdqR}
}


@article{kokkinos2016ubernet,
  author  = {Iasonas Kokkinos},
  title   = {UberNet: Training a `Universal' Convolutional Neural Network for Low-, Mid-, and High-Level Vision using Diverse Datasets and Limited Memory},
  journal = {arXiv preprint arXiv:1609.02132},
  year    = {2016}
}


@article{lipton2015learning,
  author  = {Zachary C. Lipton and David C. Kale and Charles Elkan and Randall Wetzel},
  title   = {Learning to Diagnose with LSTM Recurrent Neural Networks},
  journal = {arXiv preprint arXiv:1511.03677},
  year    = {2015}
}

@online{oh2025fmintent,
  author       = {Oh, Sejoon and Bhattacharya, Moumita and Feng, Yesu et al.},
  title        = {{FM-Intent: Predicting User Session Intent with Hierarchical Multi-Task Learning}},
  year         = {2025},
  howpublished = {Netflix TechBlog},
  note         = {Reports a 7.4\% relative improvement in next-item prediction accuracy via hierarchical MTL},
  url          = {https://netflixtechblog.com/fm-intent-predicting-user-session-intent-with-hierarchical-multi-task-learning-94c75e18f4b8}
}

@inproceedings{perez2018film,
  author    = {Perez, Ethan and Strub, Florian and de Vries, Harm and Dumoulin, Vincent and Courville, Aaron C.},
  title     = {{FiLM}: Visual Reasoning with a General Conditioning Layer},
  booktitle = {Proc.\ AAAI Conf.\ Artificial Intelligence},
  pages     = {3942--3951},
  year      = {2018}
}

@inproceedings{he2016resnet,
  author    = {He, Kaiming and Zhang, Xiangyu and Ren, Shaoqing and Sun, Jian},
  title     = {Deep Residual Learning for Image Recognition},
  booktitle = {Proc.\ IEEE Conf.\ Computer Vision and Pattern Recognition (CVPR)},
  pages     = {770--778},
  year      = {2016},
  doi       = {10.1109/CVPR.2016.90}
}

@article{velivckovic2018deep,
  title={Deep graph infomax},
  author={Veli{\v{c}}kovi{\'c}, Petar and Fedus, William and Hamilton, William L and Li{\`o}, Pietro and Bengio, Yoshua and Hjelm, R Devon},
  journal={arXiv preprint arXiv:1809.10341},
  year={2018}
}

@dataset{cho_gowalla_2023,
  author       = {Cho, Eunjoon and Kessler, Thomas},
  title        = {gowalla\_data},
  year         = {2023},
  publisher    = {Figshare},
  doi          = {10.6084/m9.figshare.22126586},
  url          = {https://figshare.com/articles/dataset/gowalla_data/22126586}
}

@inproceedings{Cho2011,
  author    = {Cho, Eunjoon and Myers, Seth A. and Leskovec, Jure},
  title     = {Friendship and Mobility: User Movement in Location-Based Social Networks},
  booktitle = {Proceedings of the 17th ACM SIGKDD International Conference on Knowledge Discovery and Data Mining (KDD)},
  year      = {2011},
  pages     = {1082--1090},
  publisher = {ACM},
  doi       = {10.1145/2020408.2020579},
  url       = {https://cs.stanford.edu/people/jure/pubs/gowalla-kdd11.pdf}
}

@misc{SNAP2014,
  author       = {Leskovec, Jure and Krevl, Andrej},
  title        = {SNAP Datasets: Stanford Large Network Dataset Collection},
  year         = {2014},
  howpublished = {\url{https://snap.stanford.edu/data/loc-gowalla.html}},
  note         = {Accessed: 2024-05-21}
}

@inproceedings{du2019beyond,
  title={Beyond geo-first law: Learning spatial representations via integrated autocorrelations and complementarity},
  author={Du, Jiadi and Zhang, Yunchao and Wang, Pengyang and Leopold, Jennifer and Fu, Yanjie},
  booktitle={2019 IEEE international conference on data mining (ICDM)},
  pages={160--169},
  year={2019},
  organization={IEEE}
}

@article{huang2022estimating,
  title={Estimating urban functional distributions with semantics preserved POI embedding},
  author={Huang, Weiming and Cui, Lizhen and Chen, Meng and Zhang, Daokun and Yao, Yao},
  journal={International Journal of Geographical Information Science},
  volume={36},
  number={10},
  pages={1905--1930},
  year={2022},
  publisher={Taylor \& Francis}
}

@article{velivckovic2017graph,
  title={Graph attention networks},
  author={Veli{\v{c}}kovi{\'c}, Petar and Cucurull, Guillem and Casanova, Arantxa and Romero, Adriana and Lio, Pietro and Bengio, Yoshua},
  journal={arXiv preprint arXiv:1710.10903},
  year={2017}
}

@inproceedings{vaswani2017attention,
  author    = {Vaswani, Ashish and Shazeer, Noam and Parmar, Niki and Uszkoreit, Jakob and Jones, Llion and Gomez, Aidan N and Kaiser, {\L}ukasz and Polosukhin, Illia},
  title     = {Attention Is All You Need},
  booktitle = {Advances in Neural Information Processing Systems},
  pages     = {5998--6008},
  year      = {2017}
}


@article{Xu2023,
  author = {Ronghui Xu and Meng Chen and Yongshun Gong and Yang Liu and Xiaohui Yu and Liqiang Nie},
  title = {TME: Tree-guided Multi-task Embedding Learning towards Semantic Venue Annotation},
  year = {2023},
  journal = {ACM Trans. Inf. Syst.},
  volume = {41},
  number = {4},
  pages = {112},
  issn = {1046-8188},
  doi = {10.1145/3582553},
  articleno = {112},
  numpages = {24},
  keywords = {Semantic venue annotation, human mobility, check-in analysis, embedding learning}
}


@inproceedings{dos2024havana,
  title={HAVANA: Hybrid Attentional Graph Convolutional Network Semantic Venue Annotation Model},
  author={dos Santos, Germano B and Silva, Paulo HC and Silva, Fabr{\'\i}cio A and Silva, Thais RM Braga and Aylon, Linnyer BR},
  booktitle={Brazilian Conference on Intelligent Systems},
  pages={291--305},
  year={2024},
  organization={Springer}
}

@inproceedings{Lim2022,
  author    = {Nicholas Lim and Bryan Hooi and See-Kiong Ng and Yong Liang Goh and Renrong Weng and Rui Tan},
  title     = {Hierarchical Multi-Task Graph Recurrent Network for Next POI Recommendation},
  booktitle = {SIGIR '22: Proceedings of the 45th International ACM SIGIR Conference on Research and Development in Information Retrieval},
  pages     = {1133--1143},
  year      = {2022},
  publisher = {ACM},
  doi       = {10.1145/3477495.3531989},
  url       = {https://doi.org/10.1145/3477495.3531989}
}


@ARTICLE {capanema2019identificacao,
author  = {Cláudio G. S. Capanema and Fabrício A. Silva and Thais R. M. B. Silva},
title   = {Identificação e Classificação de Pontos de Interesse Individuais com Base em Dados Esparsos},
journal = {Anais do XXXVII Simpósio Brasileiro de Redes de Computadores e Sistemas Distribuídos - SBRC 2019},
year    = {2019},
pages   = {16-29},
month   = {Maio}
}

@inproceedings{Liao2018,
  title     = {Predicting Activity and Location with Multi-task Context Aware Recurrent Neural Network},
  author    = {Dongliang Liao and Weiqing Liu and Yuan Zhong and Jing Li and Guowei Wang},
  booktitle = {Proceedings of the Twenty-Seventh International Joint Conference on
               Artificial Intelligence, {IJCAI-18}},
  publisher = {International Joint Conferences on Artificial Intelligence Organization},
  pages     = {3435--3441},
  year      = {2018},
  month     = {7},
  doi       = {10.24963/ijcai.2018/477},
  url       = {https://doi.org/10.24963/ijcai.2018/477},
}



@inproceedings{Zhang2020,
  title     = {An Interactive Multi-Task Learning Framework for Next POI Recommendation with Uncertain Check-ins},
  author    = {Zhang, Lu and Sun, Zhu and Zhang, Jie and Lei, Yu and Li, Chen and Wu, Ziqing and Kloeden, Horst and Klanner, Felix},
  booktitle = {Proceedings of the Twenty-Ninth International Joint Conference on
               Artificial Intelligence, {IJCAI-20}},
  publisher = {International Joint Conferences on Artificial Intelligence Organization},
  editor    = {Christian Bessiere},
  pages     = {3551--3557},
  year      = {2020},
  month     = {7},
  note      = {Main track},
  doi       = {10.24963/ijcai.2020/491},
  url       = {https://doi.org/10.24963/ijcai.2020/491},
}
@inproceedings{Halder2021,
  author    = {Sajal Halder and Kwan Hui Lim and Jeffrey Chan and Xiuzhen Zhang},
  title     = {Transformer-Based Multi-task Learning for Queuing Time Aware Next POI Recommendation},
  booktitle = {Advances in Knowledge Discovery and Data Mining},
  pages     = {510--523},
  year      = {2021},
  publisher = {Springer International Publishing},
  address   = {Cham}
}

@Article{Xia2020,
AUTHOR = {Xia, Bin and Bai, Yuxuan and Yin, Junjie and Li, Qi and Xu, Lijie},
TITLE = {MTPR: A Multi-Task Learning Based POI Recommendation Considering Temporal Check-Ins and Geographical Locations},
JOURNAL = {Applied Sciences},
VOLUME = {10},
YEAR = {2020},
NUMBER = {19},
ARTICLE-NUMBER = {6664},
URL = {https://www.mdpi.com/2076-3417/10/19/6664},
ISSN = {2076-3417},
DOI = {10.3390/app10196664}
}